@book{frenkel:molSim,
    author = {Frenkel AND Smit},
    title = {Understandind Molecular Simulation},
    publisher = {AP},
    year = 2002
}

@book{freeman:HFDP,
    author = {Freeman AND Robson},
    title = {Head First Design Patterns},
    publisher = {O'Reilly Media},
    year = 2004
}
